@book{概率论与数理统计,
title = {概率论},
author = {卫淑芝},
publisher = {高等教育出版社},
year = {2020},
}
